<record><leader>00000cas a22000007a 4500</leader><controlfield tag="001">9507146</controlfield><controlfield tag="008">830513d18281828mauwr ne      0    0eng d</controlfield><controlfield tag="009">3768</controlfield><datafield ind1=" " ind2=" " tag="010"><subfield code="a">sn 83020704 </subfield></datafield><datafield ind1=" " ind2=" " tag="040"><subfield code="a">NPX</subfield><subfield code="b">eng</subfield><subfield code="c">NPX</subfield><subfield code="d">DLC</subfield><subfield code="d">OCLCG</subfield></datafield><datafield ind1=" " ind2=" " tag="042"><subfield code="a">msc</subfield></datafield><datafield ind1=" " ind2=" " tag="043"><subfield code="a">n-us-ma</subfield></datafield><datafield ind1="0" ind2="0" tag="245"><subfield code="a">Reformer and moralist.</subfield></datafield><datafield ind1=" " ind2=" " tag="260"><subfield code="a">Southbridge [Mass.] :</subfield><subfield code="b">Pierpont E.B. Botham,</subfield><subfield code="c">1828.</subfield></datafield><datafield ind1=" " ind2=" " tag="300"><subfield code="a">v. ;</subfield><subfield code="c">49 cm.</subfield></datafield><datafield ind1=" " ind2=" " tag="310"><subfield code="a">Weekly</subfield></datafield><datafield ind1="0" ind2=" " tag="362"><subfield code="a">Vol. 1, no. 1 (Jan. 1, 1828)-v. 1, no. 17 (Apr. 24, 1828).</subfield></datafield><datafield ind1=" " ind2=" " tag="500"><subfield code="a">The first newspaper published in Southbridge. Cf. Grant, G.  "Newspapers in Southbridge." Quinabaug Hist. Soc. Leaflets, v. 3, no. 3 (1911).</subfield></datafield><datafield ind1=" " ind2=" " tag="500"><subfield code="a">Editor: Pierpont E.B. Botham.</subfield></datafield><datafield ind1="1" ind2=" " tag="700"><subfield code="a">Botham, P. E. Bates</subfield><subfield code="q">(Peirpont Edward Bates)</subfield></datafield><datafield ind1=" " ind2=" " tag="752"><subfield code="a">United States</subfield><subfield code="b">Massachusetts</subfield><subfield code="c">Worcester</subfield><subfield code="d">Southbridge.</subfield></datafield><datafield ind1="0" ind2="0" tag="785"><subfield code="t">Moralist and general intelligencer</subfield><subfield code="w">(DLC)sn 83020705</subfield></datafield></record>